%% LaTeX2e file `bibliography.bib'
%% generated by the `filecontents' environment
%% from source `A1_paper' on 2020/07/01.
%%
  title={Higher Rates Of Hate Crimes Are Tied To Income Inequality},
  author={Majumder, Maimuna},
  journal={FiveThirtyEight. Last modified January},
  volume={23},
  year={2017}
}
