
@article{BIS2019,
  title={Triennial Central Bank Survey - Foreign exchange turnover in April 2019},
  author={BIS},
  journal={},
  year={2019}}

@article{BMV2019,
  title={Quarterly report BMV, 2019},
  author={BMV},
  journal={},
  year={2019}}

@article{Fama1696,
  title={The behavior of stock market prices},
  author={Eugene F. Fama},
  journal={The Journal of Business, Vol. 38, No. 1. (Jan., 1965), pp. 34-105.},
  year={1965}}
